<record><leader>00000cas a22000007a 4500</leader><controlfield tag="001">35796172</controlfield><controlfield tag="008">961026d19351984okuwr n       0    0eng d</controlfield><datafield ind1=" " ind2=" " tag="010"><subfield code="a">sn 96093097 </subfield></datafield><datafield ind1=" " ind2=" " tag="040"><subfield code="a">OBN</subfield><subfield code="b">eng</subfield><subfield code="c">OBN</subfield><subfield code="d">OCLCQ</subfield><subfield code="d">OCLCF</subfield><subfield code="d">OCLCO</subfield></datafield><datafield ind1="1" ind2=" " tag="029"><subfield code="a">AU@</subfield><subfield code="b">000012911338</subfield></datafield><datafield ind1=" " ind2=" " tag="042"><subfield code="a">msc</subfield></datafield><datafield ind1=" " ind2=" " tag="043"><subfield code="a">n-us-ok</subfield></datafield><datafield ind1="0" ind2="0" tag="245"><subfield code="a">Woods County enterprise and Waynoka news.</subfield></datafield><datafield ind1=" " ind2=" " tag="260"><subfield code="a">Waynoka, Woods County, Okla. :</subfield><subfield code="b">J.C. Hopkins</subfield></datafield><datafield ind1=" " ind2=" " tag="300"><subfield code="a">v.</subfield></datafield><datafield ind1=" " ind2=" " tag="310"><subfield code="a">Weekly</subfield></datafield><datafield ind1="0" ind2=" " tag="362"><subfield code="a">Vol. 35, no. 5 (June 13, 1935)-v. 83, no. 50 (Apr. 12, 1984).</subfield></datafield><datafield ind1=" " ind2="0" tag="651"><subfield code="a">Waynoka (Okla.)</subfield><subfield code="v">Newspapers.</subfield></datafield><datafield ind1=" " ind2="0" tag="651"><subfield code="a">Woods County (Okla.)</subfield><subfield code="v">Newspapers.</subfield></datafield><datafield ind1=" " ind2="7" tag="655"><subfield code="a">Newspapers.</subfield><subfield code="2">fast</subfield><subfield code="0">(OCoLC)fst01423814</subfield></datafield><datafield ind1=" " ind2="7" tag="651"><subfield code="a">Oklahoma</subfield><subfield code="z">Waynoka.</subfield><subfield code="2">fast</subfield><subfield code="0">(OCoLC)fst01876074</subfield></datafield><datafield ind1=" " ind2="7" tag="651"><subfield code="a">Oklahoma</subfield><subfield code="z">Woods County.</subfield><subfield code="2">fast</subfield><subfield code="0">(OCoLC)fst01259728</subfield></datafield><datafield ind1=" " ind2=" " tag="752"><subfield code="a">United States</subfield><subfield code="b">Oklahoma</subfield><subfield code="c">Woods</subfield><subfield code="d">Waynoka.</subfield></datafield><datafield ind1="0" ind2="0" tag="780"><subfield code="t">Woods County enterprise (Waynoka, Okla. : 1900)</subfield><subfield code="w">(DLC)sn 96093096</subfield><subfield code="w">(OCoLC)35796163</subfield></datafield><datafield ind1="0" ind2="0" tag="785"><subfield code="t">Woods County enterprise (Waynoka, Okla. : 1984)</subfield><subfield code="w">(DLC)sn 96093098</subfield><subfield code="w">(OCoLC)35796184</subfield></datafield></record>